<?xml version="1.0" encoding="UTF-8"?><collection xmlns="http://www.loc.gov/MARC21/slim"><record><leader>00380nam--2200121-i-4500</leader><controlfield tag="001">000038317</controlfield><controlfield tag="002">20161230</controlfield><controlfield tag="005">20161230201041</controlfield><controlfield tag="008">060222s1000------------r-----000-0-eng-d</controlfield><datafield ind1=" " ind2=" " tag="080"><subfield code="a">662.998:621.311</subfield></datafield><datafield ind1=" " ind2=" " tag="245"><subfield code="a">Receptia, kkkexploatarea si reconditionarea materialului de izolare termica in centralele electrice</subfield></datafield><datafield ind1=" " ind2=" " tag="260"><subfield code="a">Bucuresti, Ed.Energetica De Stat, 1952. 41 P</subfield></datafield><datafield ind1=" " ind2=" " tag="852"><subfield code="a">26061</subfield></datafield></record></collection>